<record xmlns="http://www.loc.gov/MARC21/slim">
<leader>00400nam a22001579 4500</leader>
<controlfield tag="001">ikebanahinagata00</controlfield>
<controlfield tag="003">CaSfIA</controlfield>
<controlfield tag="005">20210623140025.0</controlfield>
<controlfield tag="006">m o d</controlfield>
<controlfield tag="007">cr||||||||||||</controlfield>
<datafield tag="040" ind1=" " ind2=" ">
<subfield code="d">CaSfIA</subfield>
</datafield>
<datafield tag="245" ind1="1" ind2="0">
<subfield code="6">880-01</subfield>
<subfield code="a">Ikebana hinagata densho.</subfield>
</datafield>
<datafield tag="260" ind1=" " ind2=" ">
<subfield code="c">1600.</subfield>
</datafield>
<datafield tag="300" ind1=" " ind2=" ">
<subfield code="a">1 online resource</subfield>
</datafield>
<datafield tag="500" ind1=" " ind2=" ">
<subfield code="a">Manuscript.</subfield>
</datafield>
<datafield tag="856" ind1="4" ind2="0">
<subfield code="u">https://archive.org/details/ikebanahinagata00</subfield>
<subfield code="z">Free eBook from the Internet Archive</subfield>
</datafield>
<datafield tag="880" ind1="1" ind2="0">
<subfield code="6">245-01/$1</subfield>
<subfield code="a">生花雛形傳書.</subfield>
</datafield>
<datafield tag="880" ind1=" " ind2=" ">
<subfield code="6">260-02/$1</subfield>
</datafield>
<datafield tag="880" ind1=" " ind2=" ">
<subfield code="6">910-03/$1</subfield>
<subfield code="a">宗雅持.</subfield>
</datafield>
<datafield tag="880" ind1=" " ind2=" ">
<subfield code="6">934-04/$1</subfield>
</datafield>
<datafield tag="955" ind1=" " ind2=" ">
<subfield code="q">ikebanahinagata00</subfield>
<subfield code="b">ark:/13960/t68395v33</subfield>
</datafield>
</record>
